<?xml version="1.0" encoding="UTF-8"?><collection xmlns="http://www.loc.gov/MARC21/slim"><record><leader>00451nam--2200133-i-4500</leader><controlfield tag="001">000013467</controlfield><controlfield tag="002">20161230</controlfield><controlfield tag="005">20161230201030</controlfield><controlfield tag="008">060222s1000------------r-----000-0-eng-d</controlfield><datafield ind1=" " ind2=" " tag="100"><subfield code="a">Del Re, Giuseppe., Berthier, Gaston And Serre, Josiane</subfield></datafield><datafield ind1=" " ind2=" " tag="245"><subfield code="a">Electronic states of molecules and atom cluste rs. foundations and prospects of semiempirical methods</subfield></datafield><datafield ind1=" " ind2=" " tag="260"><subfield code="a">Berlin, Springer-verlag, 1980</subfield></datafield><datafield ind1=" " ind2=" " tag="490"><subfield code="a">Lecture Notes In Chemistry</subfield></datafield><datafield ind1=" " ind2=" " tag="852"><subfield code="a">539.194</subfield></datafield></record></collection>